<?xml version="1.0" encoding="UTF-8"?>
<collection xmlns:xsi="http://www.w3.org/2001/XMLSchema-instance" xsi:schemaLocation="http://www.loc.gov/MARC21/slim http://www.loc.gov/standards/marcxml/schema/MARC21slim.xsd" xmlns="http://www.loc.gov/MARC21/slim">
<record>
  <leader>01436cam a22002171a 4500</leader>
  <controlfield tag="001">3131536</controlfield>
  <controlfield tag="003">NNC</controlfield>
  <controlfield tag="005">20151019143213.0</controlfield>
  <controlfield tag="008">990108s1867    ua            000 0 ara d</controlfield>
  <datafield tag="035" ind1=" " ind2=" ">
    <subfield code="a">(OCoLC)ocm40593189</subfield>
  </datafield>
  <datafield tag="035" ind1=" " ind2=" ">
    <subfield code="9">ATW5680CU</subfield>
  </datafield>
  <datafield tag="035" ind1=" " ind2=" ">
    <subfield code="a">(NNC)3131536</subfield>
  </datafield>
  <datafield tag="040" ind1=" " ind2=" ">
    <subfield code="a">CUD</subfield>
    <subfield code="c">CUD</subfield>
    <subfield code="d">OCL</subfield>
    <subfield code="d">ZCU</subfield>
  </datafield>
  <datafield tag="100" ind1="1" ind2=" ">
    <subfield code="a">Darwīsh, ʻAlī ibn Ḥasan,</subfield>
    <subfield code="d">1796 or 1797-1853 or 1854.</subfield>
  </datafield>
  <datafield tag="245" ind1="1" ind2="3">
    <subfield code="a">al-Ishʻār bi-ḥamīd al-ashʻār :</subfield>
    <subfield code="b">wa-huwa dīwān nādirat al-zamān badīʻ al-maʻānī fī siḥr al-bayān al-marḥūm al-Sayyid ʻAlī Afandī al-Darwīsh.</subfield>
  </datafield>
  <datafield tag="260" ind1=" " ind2=" ">
    <subfield code="a">["Cairo"],</subfield>
    <subfield code="c">1284 [1867]</subfield>
  </datafield>
  <datafield tag="300" ind1=" " ind2=" ">
    <subfield code="a">483 p. ;</subfield>
    <subfield code="c">22 cm.</subfield>
  </datafield>
  <datafield tag="500" ind1=" " ind2=" ">
    <subfield code="a">"Ammā baʻd fa-yaqūl rājī ʻafw al-bārī al-faqīr Muṣṭafá Salāmah al-Najjārī hādhā juzʾ ṣaghīr wa-shayʾ yasīr ḥaṣaltu ʻalayhi wa-waṣaltu ilayhi min ṣināʻat waḥīd dahrihi wa-barāʻat farīd ʻaṣrihi dhī al-qadr al-karīm al-marḥūm al-Sayyid ʻAlī Afandī al-Darwīsh ibn Ḥasan ibn Ibrāhīm jamʻatuhu tuḥfah li-kull-i arīb ..." - p. 2.</subfield>
  </datafield>
  <datafield tag="500" ind1=" " ind2=" ">
    <subfield code="a">"Intahá mā jamaʻtuhu min hādhā al-dīwān al-mushtamil ʻalá al-ḥusn wa-al-iḥsān wa-kāna kamāl al-tasṭīr wa-al-jamʻ wa-al-taḥrīr bi-qalam jāmiʻihi al-faqīr fī ṣubḥ al-sābiʻ wa-al-ishrīn min shahr Ramaḍān sanat alf wa-miʾatayn wa-iḥdá wa-sabʻīn" - p. 480.</subfield>
  </datafield>
  <datafield tag="500" ind1=" " ind2=" ">
    <subfield code="a">Lithographed.</subfield>
  </datafield>
  <datafield tag="955" ind1=" " ind2=" ">
    <subfield code="b">CU07815050</subfield>
    <subfield code="d">off,glx</subfield>
    <subfield code="e">893.7D25 R7</subfield>
  </datafield>
</record>
</collection>